@inproceedings{guzzi2018eaai,
  title={Mighty Thymio for Higher-Level Robotics Education},
  author={Guzzi, Jerome and Giusti, Alessandro and Di Caro, Gianni A. and Gambardella, Luca M.},
  booktitle={AAAI},
  year={2018}
}

@inproceedings{DBLP:conf/cvpr/RedmonDGF16,
  author    = {Joseph Redmon and
               Santosh Kumar Divvala and
               Ross B. Girshick and
               Ali Farhadi},
  title     = {You Only Look Once: Unified, Real-Time Object Detection},

  year      = {2016},

}

@inproceedings{Yolo3,
  author    = {Joseph Redmon and
               Ali Farhadi},
  title     = {YOLOv3: An Incremental Improvement},
  year      = {2018}

}

@inproceedings{ROS,
  author    = {Morgan Quigleyâˆ—
, Brian Gerkey
, Ken Conley
, Josh Faust
, Tully Foote
,
Jeremy Leibs
, Eric Berger
, Rob Wheeler
, Andrew Ng},
  title     = {ROS: an open-source Robot Operating System},
  year      = {2009}

}

@inproceedings{COCO,
  author    = {Tsung-Yi Lin Michael Maire Serge Belongie Lubomir Bourdev Ross Girshick
James Hays Pietro Perona Deva Ramanan C. Lawrence Zitnick Piotr Dollar},
  title     = {Microsoft COCO: Common Objects in Contex},
  year      = {2015}

}

@misc{tensorflow2015-whitepaper,farchive
title={ {TensorFlow}: Large-Scale Machine Learning on Heterogeneous Systems},
url={https://www.tensorflow.org/},
note={Software available from tensorflow.org},
author={
    Mart\'{\i}n~Abadi and
    Ashish~Agarwal and
    Paul~Barham and
    Eugene~Brevdo and
    Zhifeng~Chen and
    Craig~Citro and
    Greg~S.~Corrado and
    Andy~Davis and
    Jeffrey~Dean and
    Matthieu~Devin and
    Sanjay~Ghemawat and
    Ian~Goodfellow and
    Andrew~Harp and
    Geoffrey~Irving and
    Michael~Isard and
    Yangqing Jia and
    Rafal~Jozefowicz and
    Lukasz~Kaiser and
    Manjunath~Kudlur and
    Josh~Levenberg and
    Dandelion~Man\'{e} and
    Rajat~Monga and
    Sherry~Moore and
    Derek~Murray and
    Chris~Olah and
    Mike~Schuster and
    Jonathon~Shlens and
    Benoit~Steiner and
    Ilya~Sutskever and
    Kunal~Talwar and
    Paul~Tucker and
    Vincent~Vanhoucke and
    Vijay~Vasudevan and
    Fernanda~Vi\'{e}gas and
    Oriol~Vinyals and
    Pete~Warden and
    Martin~Wattenberg and
    Martin~Wicke and
    Yuan~Yu and
    Xiaoqiang~Zheng},
  year={2015},
}